%YAML 1.1
%TAG !u! tag:unity3d.com,2011:
--- !u!1 &6559350586485336747
GameObject:
  m_ObjectHideFlags: 0
  m_CorrespondingSourceObject: {fileID: 0}
  m_PrefabInstance: {fileID: 0}
  m_PrefabAsset: {fileID: 0}
  serializedVersion: 6
  m_Component:
  - component: {fileID: 168854543389073098}
  - component: {fileID: 204599018345645370}
  m_Layer: 15
  m_Name: Checkpoint (53)
  m_TagString: Untagged
  m_Icon: {fileID: 0}
  m_NavMeshLayer: 0
  m_StaticEditorFlags: 0
  m_IsActive: 1
--- !u!4 &168854543389073098
Transform:
  m_ObjectHideFlags: 0
  m_CorrespondingSourceObject: {fileID: 0}
  m_PrefabInstance: {fileID: 0}
  m_PrefabAsset: {fileID: 0}
  m_GameObject: {fileID: 6559350586485336747}
  m_LocalRotation: {x: -0, y: 0.25902164, z: -0, w: -0.9658715}
  m_LocalPosition: {x: 429.8, y: 0, z: -35}
  m_LocalScale: {x: 1, y: 1, z: 1}
  m_Children: []
  m_Father: {fileID: 9103489960843565432}
  m_RootOrder: 3
  m_LocalEulerAnglesHint: {x: 0, y: 329.976, z: 0}
--- !u!65 &204599018345645370
BoxCollider:
  m_ObjectHideFlags: 0
  m_CorrespondingSourceObject: {fileID: 0}
  m_PrefabInstance: {fileID: 0}
  m_PrefabAsset: {fileID: 0}
  m_GameObject: {fileID: 6559350586485336747}
  m_Material: {fileID: 0}
  m_IsTrigger: 1
  m_Enabled: 1
  serializedVersion: 2
  m_Size: {x: 1.3543911, y: 4.0308723, z: 20.25542}
  m_Center: {x: 0, y: 0.039221764, z: -0.3171234}
--- !u!1 &6559350586487499366
GameObject:
  m_ObjectHideFlags: 0
  m_CorrespondingSourceObject: {fileID: 0}
  m_PrefabInstance: {fileID: 0}
  m_PrefabAsset: {fileID: 0}
  serializedVersion: 6
  m_Component:
  - component: {fileID: 168854543382715911}
  - component: {fileID: 204599018339288567}
  m_Layer: 15
  m_Name: Checkpoint (11)
  m_TagString: Untagged
  m_Icon: {fileID: 0}
  m_NavMeshLayer: 0
  m_StaticEditorFlags: 0
  m_IsActive: 1
--- !u!4 &168854543382715911
Transform:
  m_ObjectHideFlags: 0
  m_CorrespondingSourceObject: {fileID: 0}
  m_PrefabInstance: {fileID: 0}
  m_PrefabAsset: {fileID: 0}
  m_GameObject: {fileID: 6559350586487499366}
  m_LocalRotation: {x: -0, y: 0.80861175, z: -0, w: 0.58834267}
  m_LocalPosition: {x: -288.32, y: 0, z: 39.63}
  m_LocalScale: {x: 1, y: 1, z: 1}
  m_Children: []
  m_Father: {fileID: 9103489960843565432}
  m_RootOrder: 42
  m_LocalEulerAnglesHint: {x: 0, y: 107.921, z: 0}
--- !u!65 &204599018339288567
BoxCollider:
  m_ObjectHideFlags: 0
  m_CorrespondingSourceObject: {fileID: 0}
  m_PrefabInstance: {fileID: 0}
  m_PrefabAsset: {fileID: 0}
  m_GameObject: {fileID: 6559350586487499366}
  m_Material: {fileID: 0}
  m_IsTrigger: 1
  m_Enabled: 1
  serializedVersion: 2
  m_Size: {x: 1.3543911, y: 4.0308723, z: 20.25542}
  m_Center: {x: 0, y: 0.039221764, z: -0.3171234}
--- !u!1 &6559350586512728897
GameObject:
  m_ObjectHideFlags: 0
  m_CorrespondingSourceObject: {fileID: 0}
  m_PrefabInstance: {fileID: 0}
  m_PrefabAsset: {fileID: 0}
  serializedVersion: 6
  m_Component:
  - component: {fileID: 168854543424591648}
  - component: {fileID: 204599018364390608}
  m_Layer: 15
  m_Name: Checkpoint (46)
  m_TagString: Untagged
  m_Icon: {fileID: 0}
  m_NavMeshLayer: 0
  m_StaticEditorFlags: 0
  m_IsActive: 1
--- !u!4 &168854543424591648
Transform:
  m_ObjectHideFlags: 0
  m_CorrespondingSourceObject: {fileID: 0}
  m_PrefabInstance: {fileID: 0}
  m_PrefabAsset: {fileID: 0}
  m_GameObject: {fileID: 6559350586512728897}
  m_LocalRotation: {x: -0, y: -0.3101133, z: -0, w: -0.9506996}
  m_LocalPosition: {x: 366, y: 0, z: 48.4}
  m_LocalScale: {x: 1, y: 1, z: 1}
  m_Children: []
  m_Father: {fileID: 9103489960843565432}
  m_RootOrder: 10
  m_LocalEulerAnglesHint: {x: 0, y: 396.132, z: 0}
--- !u!65 &204599018364390608
BoxCollider:
  m_ObjectHideFlags: 0
  m_CorrespondingSourceObject: {fileID: 0}
  m_PrefabInstance: {fileID: 0}
  m_PrefabAsset: {fileID: 0}
  m_GameObject: {fileID: 6559350586512728897}
  m_Material: {fileID: 0}
  m_IsTrigger: 1
  m_Enabled: 1
  serializedVersion: 2
  m_Size: {x: 1.3543911, y: 4.0308723, z: 20.25542}
  m_Center: {x: 0, y: 0.039221764, z: -0.3171234}
--- !u!1 &6559350586621554518
GameObject:
  m_ObjectHideFlags: 0
  m_CorrespondingSourceObject: {fileID: 0}
  m_PrefabInstance: {fileID: 0}
  m_PrefabAsset: {fileID: 0}
  serializedVersion: 6
  m_Component:
  - component: {fileID: 168854543517096759}
  - component: {fileID: 204599018473668807}
  m_Layer: 15
  m_Name: Checkpoint (24)
  m_TagString: Untagged
  m_Icon: {fileID: 0}
  m_NavMeshLayer: 0
  m_StaticEditorFlags: 0
  m_IsActive: 1
--- !u!4 &168854543517096759
Transform:
  m_ObjectHideFlags: 0
  m_CorrespondingSourceObject: {fileID: 0}
  m_PrefabInstance: {fileID: 0}
  m_PrefabAsset: {fileID: 0}
  m_GameObject: {fileID: 6559350586621554518}
  m_LocalRotation: {x: -0, y: -0.2950566, z: -0, w: 0.9554798}
  m_LocalPosition: {x: -462.5, y: 0, z: 236.4}
  m_LocalScale: {x: 1, y: 1, z: 1}
  m_Children: []
  m_Father: {fileID: 9103489960843565432}
  m_RootOrder: 32
  m_LocalEulerAnglesHint: {x: 0, y: -34.322, z: 0}
--- !u!65 &204599018473668807
BoxCollider:
  m_ObjectHideFlags: 0
  m_CorrespondingSourceObject: {fileID: 0}
  m_PrefabInstance: {fileID: 0}
  m_PrefabAsset: {fileID: 0}
  m_GameObject: {fileID: 6559350586621554518}
  m_Material: {fileID: 0}
  m_IsTrigger: 1
  m_Enabled: 1
  serializedVersion: 2
  m_Size: {x: 1.3543911, y: 4.0308723, z: 20.25542}
  m_Center: {x: 0, y: 0.039221764, z: -0.3171234}
--- !u!1 &6559350586735707619
GameObject:
  m_ObjectHideFlags: 0
  m_CorrespondingSourceObject: {fileID: 0}
  m_PrefabInstance: {fileID: 0}
  m_PrefabAsset: {fileID: 0}
  serializedVersion: 6
  m_Component:
  - component: {fileID: 168854543474241922}
  - component: {fileID: 204599018565036658}
  m_Layer: 15
  m_Name: Checkpoint (45)
  m_TagString: Untagged
  m_Icon: {fileID: 0}
  m_NavMeshLayer: 0
  m_StaticEditorFlags: 0
  m_IsActive: 1
--- !u!4 &168854543474241922
Transform:
  m_ObjectHideFlags: 0
  m_CorrespondingSourceObject: {fileID: 0}
  m_PrefabInstance: {fileID: 0}
  m_PrefabAsset: {fileID: 0}
  m_GameObject: {fileID: 6559350586735707619}
  m_LocalRotation: {x: -0, y: 0.44145012, z: -0, w: -0.8972858}
  m_LocalPosition: {x: 411.3, y: 0, z: 52.5}
  m_LocalScale: {x: 1, y: 1, z: 1}
  m_Children: []
  m_Father: {fileID: 9103489960843565432}
  m_RootOrder: 11
  m_LocalEulerAnglesHint: {x: 0, y: 307.607, z: 0}
--- !u!65 &204599018565036658
BoxCollider:
  m_ObjectHideFlags: 0
  m_CorrespondingSourceObject: {fileID: 0}
  m_PrefabInstance: {fileID: 0}
  m_PrefabAsset: {fileID: 0}
  m_GameObject: {fileID: 6559350586735707619}
  m_Material: {fileID: 0}
  m_IsTrigger: 1
  m_Enabled: 1
  serializedVersion: 2
  m_Size: {x: 1.3543911, y: 4.0308723, z: 20.25542}
  m_Center: {x: 0, y: 0.039221764, z: -0.3171234}
--- !u!1 &6559350586767033251
GameObject:
  m_ObjectHideFlags: 0
  m_CorrespondingSourceObject: {fileID: 0}
  m_PrefabInstance: {fileID: 0}
  m_PrefabAsset: {fileID: 0}
  serializedVersion: 6
  m_Component:
  - component: {fileID: 168854543644243906}
  - component: {fileID: 204599018585091122}
  m_Layer: 15
  m_Name: Checkpoint (37)
  m_TagString: Untagged
  m_Icon: {fileID: 0}
  m_NavMeshLayer: 0
  m_StaticEditorFlags: 0
  m_IsActive: 1
--- !u!4 &168854543644243906
Transform:
  m_ObjectHideFlags: 0
  m_CorrespondingSourceObject: {fileID: 0}
  m_PrefabInstance: {fileID: 0}
  m_PrefabAsset: {fileID: 0}
  m_GameObject: {fileID: 6559350586767033251}
  m_LocalRotation: {x: -0, y: 0.80125064, z: -0, w: -0.5983288}
  m_LocalPosition: {x: 307.9, y: 0, z: 195.6}
  m_LocalScale: {x: 1, y: 1, z: 1}
  m_Children: []
  m_Father: {fileID: 9103489960843565432}
  m_RootOrder: 19
  m_LocalEulerAnglesHint: {x: 0, y: 253.501, z: 0}
--- !u!65 &204599018585091122
BoxCollider:
  m_ObjectHideFlags: 0
  m_CorrespondingSourceObject: {fileID: 0}
  m_PrefabInstance: {fileID: 0}
  m_PrefabAsset: {fileID: 0}
  m_GameObject: {fileID: 6559350586767033251}
  m_Material: {fileID: 0}
  m_IsTrigger: 1
  m_Enabled: 1
  serializedVersion: 2
  m_Size: {x: 1.3543911, y: 4.0308723, z: 20.25542}
  m_Center: {x: 0, y: 0.039221764, z: -0.3171234}
--- !u!1 &6559350586849547894
GameObject:
  m_ObjectHideFlags: 0
  m_CorrespondingSourceObject: {fileID: 0}
  m_PrefabInstance: {fileID: 0}
  m_PrefabAsset: {fileID: 0}
  serializedVersion: 6
  m_Component:
  - component: {fileID: 168854543628837399}
  - component: {fileID: 204599018703911399}
  m_Layer: 15
  m_Name: Checkpoint (52)
  m_TagString: Untagged
  m_Icon: {fileID: 0}
  m_NavMeshLayer: 0
  m_StaticEditorFlags: 0
  m_IsActive: 1
--- !u!4 &168854543628837399
Transform:
  m_ObjectHideFlags: 0
  m_CorrespondingSourceObject: {fileID: 0}
  m_PrefabInstance: {fileID: 0}
  m_PrefabAsset: {fileID: 0}
  m_GameObject: {fileID: 6559350586849547894}
  m_LocalRotation: {x: -0, y: 0.92520356, z: -0, w: -0.37947127}
  m_LocalPosition: {x: 429.8, y: 0, z: 11.4}
  m_LocalScale: {x: 1, y: 1, z: 1}
  m_Children: []
  m_Father: {fileID: 9103489960843565432}
  m_RootOrder: 4
  m_LocalEulerAnglesHint: {x: 0, y: 224.602, z: 0}
--- !u!65 &204599018703911399
BoxCollider:
  m_ObjectHideFlags: 0
  m_CorrespondingSourceObject: {fileID: 0}
  m_PrefabInstance: {fileID: 0}
  m_PrefabAsset: {fileID: 0}
  m_GameObject: {fileID: 6559350586849547894}
  m_Material: {fileID: 0}
  m_IsTrigger: 1
  m_Enabled: 1
  serializedVersion: 2
  m_Size: {x: 1.3543911, y: 4.0308723, z: 20.25542}
  m_Center: {x: 0, y: 0.039221764, z: -0.3171234}
--- !u!1 &6559350586915984591
GameObject:
  m_ObjectHideFlags: 0
  m_CorrespondingSourceObject: {fileID: 0}
  m_PrefabInstance: {fileID: 0}
  m_PrefabAsset: {fileID: 0}
  serializedVersion: 6
  m_Component:
  - component: {fileID: 168854543830835374}
  - component: {fileID: 204599018770611038}
  m_Layer: 15
  m_Name: Checkpoint (29)
  m_TagString: Untagged
  m_Icon: {fileID: 0}
  m_NavMeshLayer: 0
  m_StaticEditorFlags: 0
  m_IsActive: 1
--- !u!4 &168854543830835374
Transform:
  m_ObjectHideFlags: 0
  m_CorrespondingSourceObject: {fileID: 0}
  m_PrefabInstance: {fileID: 0}
  m_PrefabAsset: {fileID: 0}
  m_GameObject: {fileID: 6559350586915984591}
  m_LocalRotation: {x: -0, y: 0.96263015, z: -0, w: -0.27081954}
  m_LocalPosition: {x: -321.5, y: 0, z: 179.4}
  m_LocalScale: {x: 1, y: 1, z: 1}
  m_Children: []
  m_Father: {fileID: 9103489960843565432}
  m_RootOrder: 27
  m_LocalEulerAnglesHint: {x: 0, y: 211.426, z: 0}
--- !u!65 &204599018770611038
BoxCollider:
  m_ObjectHideFlags: 0
  m_CorrespondingSourceObject: {fileID: 0}
  m_PrefabInstance: {fileID: 0}
  m_PrefabAsset: {fileID: 0}
  m_GameObject: {fileID: 6559350586915984591}
  m_Material: {fileID: 0}
  m_IsTrigger: 1
  m_Enabled: 1
  serializedVersion: 2
  m_Size: {x: 1.3543911, y: 4.0308723, z: 20.25542}
  m_Center: {x: 0, y: 0.039221764, z: -0.3171234}
--- !u!1 &6559350586945250059
GameObject:
  m_ObjectHideFlags: 0
  m_CorrespondingSourceObject: {fileID: 0}
  m_PrefabInstance: {fileID: 0}
  m_PrefabAsset: {fileID: 0}
  serializedVersion: 6
  m_Component:
  - component: {fileID: 168854543730268010}
  - component: {fileID: 204599018805300378}
  m_Layer: 15
  m_Name: Checkpoint (23)
  m_TagString: Untagged
  m_Icon: {fileID: 0}
  m_NavMeshLayer: 0
  m_StaticEditorFlags: 0
  m_IsActive: 1
--- !u!4 &168854543730268010
Transform:
  m_ObjectHideFlags: 0
  m_CorrespondingSourceObject: {fileID: 0}
  m_PrefabInstance: {fileID: 0}
  m_PrefabAsset: {fileID: 0}
  m_GameObject: {fileID: 6559350586945250059}
  m_LocalRotation: {x: -0, y: 0.40204245, z: -0, w: 0.91562104}
  m_LocalPosition: {x: -394.7, y: 0, z: 215.9}
  m_LocalScale: {x: 1, y: 1, z: 1}
  m_Children: []
  m_Father: {fileID: 9103489960843565432}
  m_RootOrder: 33
  m_LocalEulerAnglesHint: {x: 0, y: 47.412, z: 0}
--- !u!65 &204599018805300378
BoxCollider:
  m_ObjectHideFlags: 0
  m_CorrespondingSourceObject: {fileID: 0}
  m_PrefabInstance: {fileID: 0}
  m_PrefabAsset: {fileID: 0}
  m_GameObject: {fileID: 6559350586945250059}
  m_Material: {fileID: 0}
  m_IsTrigger: 1
  m_Enabled: 1
  serializedVersion: 2
  m_Size: {x: 1.3543911, y: 4.0308723, z: 20.25542}
  m_Center: {x: 0, y: 0.039221764, z: -0.3171234}
--- !u!1 &6559350586958197092
GameObject:
  m_ObjectHideFlags: 0
  m_CorrespondingSourceObject: {fileID: 0}
  m_PrefabInstance: {fileID: 0}
  m_PrefabAsset: {fileID: 0}
  serializedVersion: 6
  m_Component:
  - component: {fileID: 168854543721514245}
  - component: {fileID: 204599018812284661}
  m_Layer: 15
  m_Name: Checkpoint (38)
  m_TagString: Untagged
  m_Icon: {fileID: 0}
  m_NavMeshLayer: 0
  m_StaticEditorFlags: 0
  m_IsActive: 1
--- !u!4 &168854543721514245
Transform:
  m_ObjectHideFlags: 0
  m_CorrespondingSourceObject: {fileID: 0}
  m_PrefabInstance: {fileID: 0}
  m_PrefabAsset: {fileID: 0}
  m_GameObject: {fileID: 6559350586958197092}
  m_LocalRotation: {x: -0, y: 0.9825543, z: -0, w: 0.18597588}
  m_LocalPosition: {x: 351.2, y: 0, z: 178.5}
  m_LocalScale: {x: 1, y: 1, z: 1}
  m_Children: []
  m_Father: {fileID: 9103489960843565432}
  m_RootOrder: 18
  m_LocalEulerAnglesHint: {x: 0, y: 158.564, z: 0}
--- !u!65 &204599018812284661
BoxCollider:
  m_ObjectHideFlags: 0
  m_CorrespondingSourceObject: {fileID: 0}
  m_PrefabInstance: {fileID: 0}
  m_PrefabAsset: {fileID: 0}
  m_GameObject: {fileID: 6559350586958197092}
  m_Material: {fileID: 0}
  m_IsTrigger: 1
  m_Enabled: 1
  serializedVersion: 2
  m_Size: {x: 1.3543911, y: 4.0308723, z: 20.25542}
  m_Center: {x: 0, y: 0.039221764, z: -0.3171234}
--- !u!1 &6559350586965416072
GameObject:
  m_ObjectHideFlags: 0
  m_CorrespondingSourceObject: {fileID: 0}
  m_PrefabInstance: {fileID: 0}
  m_PrefabAsset: {fileID: 0}
  serializedVersion: 6
  m_Component:
  - component: {fileID: 168854543710104809}
  - component: {fileID: 204599018784126745}
  m_Layer: 15
  m_Name: Checkpoint (32)
  m_TagString: Untagged
  m_Icon: {fileID: 0}
  m_NavMeshLayer: 0
  m_StaticEditorFlags: 0
  m_IsActive: 1
--- !u!4 &168854543710104809
Transform:
  m_ObjectHideFlags: 0
  m_CorrespondingSourceObject: {fileID: 0}
  m_PrefabInstance: {fileID: 0}
  m_PrefabAsset: {fileID: 0}
  m_GameObject: {fileID: 6559350586965416072}
  m_LocalRotation: {x: -0, y: 0.9826334, z: -0, w: -0.18555771}
  m_LocalPosition: {x: -283.1, y: 0, z: 368.9}
  m_LocalScale: {x: 1, y: 1, z: 1}
  m_Children: []
  m_Father: {fileID: 9103489960843565432}
  m_RootOrder: 24
  m_LocalEulerAnglesHint: {x: 0, y: 201.387, z: 0}
--- !u!65 &204599018784126745
BoxCollider:
  m_ObjectHideFlags: 0
  m_CorrespondingSourceObject: {fileID: 0}
  m_PrefabInstance: {fileID: 0}
  m_PrefabAsset: {fileID: 0}
  m_GameObject: {fileID: 6559350586965416072}
  m_Material: {fileID: 0}
  m_IsTrigger: 1
  m_Enabled: 1
  serializedVersion: 2
  m_Size: {x: 1.3543911, y: 4.0308723, z: 20.25542}
  m_Center: {x: 0, y: 0.039221764, z: -0.3171234}
--- !u!1 &6559350587033351083
GameObject:
  m_ObjectHideFlags: 0
  m_CorrespondingSourceObject: {fileID: 0}
  m_PrefabInstance: {fileID: 0}
  m_PrefabAsset: {fileID: 0}
  serializedVersion: 6
  m_Component:
  - component: {fileID: 168854543910602698}
  - component: {fileID: 204599017777716282}
  m_Layer: 15
  m_Name: Checkpoint (6)
  m_TagString: Untagged
  m_Icon: {fileID: 0}
  m_NavMeshLayer: 0
  m_StaticEditorFlags: 0
  m_IsActive: 1
--- !u!4 &168854543910602698
Transform:
  m_ObjectHideFlags: 0
  m_CorrespondingSourceObject: {fileID: 0}
  m_PrefabInstance: {fileID: 0}
  m_PrefabAsset: {fileID: 0}
  m_GameObject: {fileID: 6559350587033351083}
  m_LocalRotation: {x: -0, y: 0.7382753, z: -0, w: 0.6744995}
  m_LocalPosition: {x: -407.87, y: 0, z: -7.04}
  m_LocalScale: {x: 1, y: 1, z: 1}
  m_Children: []
  m_Father: {fileID: 9103489960843565432}
  m_RootOrder: 46
  m_LocalEulerAnglesHint: {x: 0, y: 95.169, z: 0}
--- !u!65 &204599017777716282
BoxCollider:
  m_ObjectHideFlags: 0
  m_CorrespondingSourceObject: {fileID: 0}
  m_PrefabInstance: {fileID: 0}
  m_PrefabAsset: {fileID: 0}
  m_GameObject: {fileID: 6559350587033351083}
  m_Material: {fileID: 0}
  m_IsTrigger: 1
  m_Enabled: 1
  serializedVersion: 2
  m_Size: {x: 1.3543911, y: 4.0308723, z: 20.25542}
  m_Center: {x: 0, y: 0.039221764, z: -0.3171234}
--- !u!1 &6559350587052025948
GameObject:
  m_ObjectHideFlags: 0
  m_CorrespondingSourceObject: {fileID: 0}
  m_PrefabInstance: {fileID: 0}
  m_PrefabAsset: {fileID: 0}
  serializedVersion: 6
  m_Component:
  - component: {fileID: 168854543963233341}
  - component: {fileID: 204599017830336461}
  m_Layer: 15
  m_Name: Checkpoint (21)
  m_TagString: Untagged
  m_Icon: {fileID: 0}
  m_NavMeshLayer: 0
  m_StaticEditorFlags: 0
  m_IsActive: 1
--- !u!4 &168854543963233341
Transform:
  m_ObjectHideFlags: 0
  m_CorrespondingSourceObject: {fileID: 0}
  m_PrefabInstance: {fileID: 0}
  m_PrefabAsset: {fileID: 0}
  m_GameObject: {fileID: 6559350587052025948}
  m_LocalRotation: {x: -0, y: 0.40712118, z: -0, w: 0.9133742}
  m_LocalPosition: {x: -383.3, y: 0, z: 56.7}
  m_LocalScale: {x: 1, y: 1, z: 1}
  m_Children: []
  m_Father: {fileID: 9103489960843565432}
  m_RootOrder: 35
  m_LocalEulerAnglesHint: {x: 0, y: 48.048, z: 0}
--- !u!65 &204599017830336461
BoxCollider:
  m_ObjectHideFlags: 0
  m_CorrespondingSourceObject: {fileID: 0}
  m_PrefabInstance: {fileID: 0}
  m_PrefabAsset: {fileID: 0}
  m_GameObject: {fileID: 6559350587052025948}
  m_Material: {fileID: 0}
  m_IsTrigger: 1
  m_Enabled: 1
  serializedVersion: 2
  m_Size: {x: 1.3543911, y: 4.0308723, z: 20.25542}
  m_Center: {x: 0, y: 0.039221764, z: -0.3171234}
--- !u!1 &6559350587134037756
GameObject:
  m_ObjectHideFlags: 0
  m_CorrespondingSourceObject: {fileID: 0}
  m_PrefabInstance: {fileID: 0}
  m_PrefabAsset: {fileID: 0}
  serializedVersion: 6
  m_Component:
  - component: {fileID: 168854543877028509}
  - component: {fileID: 204599017878348141}
  m_Layer: 15
  m_Name: Checkpoint (33)
  m_TagString: Untagged
  m_Icon: {fileID: 0}
  m_NavMeshLayer: 0
  m_StaticEditorFlags: 0
  m_IsActive: 1
--- !u!4 &168854543877028509
Transform:
  m_ObjectHideFlags: 0
  m_CorrespondingSourceObject: {fileID: 0}
  m_PrefabInstance: {fileID: 0}
  m_PrefabAsset: {fileID: 0}
  m_GameObject: {fileID: 6559350587134037756}
  m_LocalRotation: {x: -0, y: 0.9559624, z: -0, w: -0.29348937}
  m_LocalPosition: {x: -246, y: 0, z: 308.1}
  m_LocalScale: {x: 1, y: 1, z: 1}
  m_Children: []
  m_Father: {fileID: 9103489960843565432}
  m_RootOrder: 23
  m_LocalEulerAnglesHint: {x: 0, y: 214.134, z: 0}
--- !u!65 &204599017878348141
BoxCollider:
  m_ObjectHideFlags: 0
  m_CorrespondingSourceObject: {fileID: 0}
  m_PrefabInstance: {fileID: 0}
  m_PrefabAsset: {fileID: 0}
  m_GameObject: {fileID: 6559350587134037756}
  m_Material: {fileID: 0}
  m_IsTrigger: 1
  m_Enabled: 1
  serializedVersion: 2
  m_Size: {x: 1.3543911, y: 4.0308723, z: 20.25542}
  m_Center: {x: 0, y: 0.039221764, z: -0.3171234}
--- !u!1 &6559350587151197453
GameObject:
  m_ObjectHideFlags: 0
  m_CorrespondingSourceObject: {fileID: 0}
  m_PrefabInstance: {fileID: 0}
  m_PrefabAsset: {fileID: 0}
  serializedVersion: 6
  m_Component:
  - component: {fileID: 168854544065384812}
  - component: {fileID: 204599017931410076}
  m_Layer: 15
  m_Name: Checkpoint (31)
  m_TagString: Untagged
  m_Icon: {fileID: 0}
  m_NavMeshLayer: 0
  m_StaticEditorFlags: 0
  m_IsActive: 1
--- !u!4 &168854544065384812
Transform:
  m_ObjectHideFlags: 0
  m_CorrespondingSourceObject: {fileID: 0}
  m_PrefabInstance: {fileID: 0}
  m_PrefabAsset: {fileID: 0}
  m_GameObject: {fileID: 6559350587151197453}
  m_LocalRotation: {x: -0, y: 0.8167995, z: -0, w: 0.57692164}
  m_LocalPosition: {x: -323.2, y: 0, z: 352.3}
  m_LocalScale: {x: 1, y: 1, z: 1}
  m_Children: []
  m_Father: {fileID: 9103489960843565432}
  m_RootOrder: 25
  m_LocalEulerAnglesHint: {x: 0, y: 109.531, z: 0}
--- !u!65 &204599017931410076
BoxCollider:
  m_ObjectHideFlags: 0
  m_CorrespondingSourceObject: {fileID: 0}
  m_PrefabInstance: {fileID: 0}
  m_PrefabAsset: {fileID: 0}
  m_GameObject: {fileID: 6559350587151197453}
  m_Material: {fileID: 0}
  m_IsTrigger: 1
  m_Enabled: 1
  serializedVersion: 2
  m_Size: {x: 1.3543911, y: 4.0308723, z: 20.25542}
  m_Center: {x: 0, y: 0.039221764, z: -0.3171234}
--- !u!1 &6559350587201741541
GameObject:
  m_ObjectHideFlags: 0
  m_CorrespondingSourceObject: {fileID: 0}
  m_PrefabInstance: {fileID: 0}
  m_PrefabAsset: {fileID: 0}
  serializedVersion: 6
  m_Component:
  - component: {fileID: 168854544081950340}
  - component: {fileID: 204599017949056372}
  m_Layer: 15
  m_Name: Checkpoint (54)
  m_TagString: Untagged
  m_Icon: {fileID: 0}
  m_NavMeshLayer: 0
  m_StaticEditorFlags: 0
  m_IsActive: 1
--- !u!4 &168854544081950340
Transform:
  m_ObjectHideFlags: 0
  m_CorrespondingSourceObject: {fileID: 0}
  m_PrefabInstance: {fileID: 0}
  m_PrefabAsset: {fileID: 0}
  m_GameObject: {fileID: 6559350587201741541}
  m_LocalRotation: {x: -0, y: -0.33046964, z: -0, w: -0.9438166}
  m_LocalPosition: {x: 248.2, y: 0, z: -5.7}
  m_LocalScale: {x: 1, y: 1, z: 1}
  m_Children: []
  m_Father: {fileID: 9103489960843565432}
  m_RootOrder: 2
  m_LocalEulerAnglesHint: {x: 0, y: 398.595, z: 0}
--- !u!65 &204599017949056372
BoxCollider:
  m_ObjectHideFlags: 0
  m_CorrespondingSourceObject: {fileID: 0}
  m_PrefabInstance: {fileID: 0}
  m_PrefabAsset: {fileID: 0}
  m_GameObject: {fileID: 6559350587201741541}
  m_Material: {fileID: 0}
  m_IsTrigger: 1
  m_Enabled: 1
  serializedVersion: 2
  m_Size: {x: 1.3543911, y: 4.0308723, z: 20.25542}
  m_Center: {x: 0, y: 0.039221764, z: -0.3171234}
--- !u!1 &6559350587204536015
GameObject:
  m_ObjectHideFlags: 0
  m_CorrespondingSourceObject: {fileID: 0}
  m_PrefabInstance: {fileID: 0}
  m_PrefabAsset: {fileID: 0}
  serializedVersion: 6
  m_Component:
  - component: {fileID: 168854544074961582}
  - component: {fileID: 204599017957763422}
  m_Layer: 15
  m_Name: Checkpoint (35)
  m_TagString: Untagged
  m_Icon: {fileID: 0}
  m_NavMeshLayer: 0
  m_StaticEditorFlags: 0
  m_IsActive: 1
--- !u!4 &168854544074961582
Transform:
  m_ObjectHideFlags: 0
  m_CorrespondingSourceObject: {fileID: 0}
  m_PrefabInstance: {fileID: 0}
  m_PrefabAsset: {fileID: 0}
  m_GameObject: {fileID: 6559350587204536015}
  m_LocalRotation: {x: -0, y: 0.97281015, z: -0, w: 0.23160414}
  m_LocalPosition: {x: 312.9, y: 0, z: 368.4}
  m_LocalScale: {x: 1, y: 1, z: 1}
  m_Children: []
  m_Father: {fileID: 9103489960843565432}
  m_RootOrder: 21
  m_LocalEulerAnglesHint: {x: 0, y: 153.217, z: 0}
--- !u!65 &204599017957763422
BoxCollider:
  m_ObjectHideFlags: 0
  m_CorrespondingSourceObject: {fileID: 0}
  m_PrefabInstance: {fileID: 0}
  m_PrefabAsset: {fileID: 0}
  m_GameObject: {fileID: 6559350587204536015}
  m_Material: {fileID: 0}
  m_IsTrigger: 1
  m_Enabled: 1
  serializedVersion: 2
  m_Size: {x: 1.3543911, y: 4.0308723, z: 20.25542}
  m_Center: {x: 0, y: 0.039221764, z: -0.3171234}
--- !u!1 &6559350587221027727
GameObject:
  m_ObjectHideFlags: 0
  m_CorrespondingSourceObject: {fileID: 0}
  m_PrefabInstance: {fileID: 0}
  m_PrefabAsset: {fileID: 0}
  serializedVersion: 6
  m_Component:
  - component: {fileID: 168854543991365614}
  - component: {fileID: 204599018009429022}
  m_Layer: 15
  m_Name: Checkpoint (39)
  m_TagString: Untagged
  m_Icon: {fileID: 0}
  m_NavMeshLayer: 0
  m_StaticEditorFlags: 0
  m_IsActive: 1
--- !u!4 &168854543991365614
Transform:
  m_ObjectHideFlags: 0
  m_CorrespondingSourceObject: {fileID: 0}
  m_PrefabInstance: {fileID: 0}
  m_PrefabAsset: {fileID: 0}
  m_GameObject: {fileID: 6559350587221027727}
  m_LocalRotation: {x: -0, y: 0.9798804, z: -0, w: 0.19958583}
  m_LocalPosition: {x: 404.6, y: 0, z: 271.6}
  m_LocalScale: {x: 1, y: 1, z: 1}
  m_Children: []
  m_Father: {fileID: 9103489960843565432}
  m_RootOrder: 17
  m_LocalEulerAnglesHint: {x: 0, y: 156.975, z: 0}
--- !u!65 &204599018009429022
BoxCollider:
  m_ObjectHideFlags: 0
  m_CorrespondingSourceObject: {fileID: 0}
  m_PrefabInstance: {fileID: 0}
  m_PrefabAsset: {fileID: 0}
  m_GameObject: {fileID: 6559350587221027727}
  m_Material: {fileID: 0}
  m_IsTrigger: 1
  m_Enabled: 1
  serializedVersion: 2
  m_Size: {x: 1.3543911, y: 4.0308723, z: 20.25542}
  m_Center: {x: 0, y: 0.039221764, z: -0.3171234}
--- !u!1 &6559350587227487181
GameObject:
  m_ObjectHideFlags: 0
  m_CorrespondingSourceObject: {fileID: 0}
  m_PrefabInstance: {fileID: 0}
  m_PrefabAsset: {fileID: 0}
  serializedVersion: 6
  m_Component:
  - component: {fileID: 168854543989100460}
  - component: {fileID: 204599018006123612}
  m_Layer: 15
  m_Name: Checkpoint (26)
  m_TagString: Untagged
  m_Icon: {fileID: 0}
  m_NavMeshLayer: 0
  m_StaticEditorFlags: 0
  m_IsActive: 1
--- !u!4 &168854543989100460
Transform:
  m_ObjectHideFlags: 0
  m_CorrespondingSourceObject: {fileID: 0}
  m_PrefabInstance: {fileID: 0}
  m_PrefabAsset: {fileID: 0}
  m_GameObject: {fileID: 6559350587227487181}
  m_LocalRotation: {x: -0, y: 0.39471197, z: -0, w: 0.91880494}
  m_LocalPosition: {x: -528, y: 0, z: 206.6}
  m_LocalScale: {x: 1, y: 1, z: 1}
  m_Children: []
  m_Father: {fileID: 9103489960843565432}
  m_RootOrder: 30
  m_LocalEulerAnglesHint: {x: 0, y: 46.496, z: 0}
--- !u!65 &204599018006123612
BoxCollider:
  m_ObjectHideFlags: 0
  m_CorrespondingSourceObject: {fileID: 0}
  m_PrefabInstance: {fileID: 0}
  m_PrefabAsset: {fileID: 0}
  m_GameObject: {fileID: 6559350587227487181}
  m_Material: {fileID: 0}
  m_IsTrigger: 1
  m_Enabled: 1
  serializedVersion: 2
  m_Size: {x: 1.3543911, y: 4.0308723, z: 20.25542}
  m_Center: {x: 0, y: 0.039221764, z: -0.3171234}
--- !u!1 &6559350587300717412
GameObject:
  m_ObjectHideFlags: 0
  m_CorrespondingSourceObject: {fileID: 0}
  m_PrefabInstance: {fileID: 0}
  m_PrefabAsset: {fileID: 0}
  serializedVersion: 6
  m_Component:
  - component: {fileID: 168854544180107013}
  - component: {fileID: 204599018047180021}
  m_Layer: 15
  m_Name: Checkpoint (44)
  m_TagString: Untagged
  m_Icon: {fileID: 0}
  m_NavMeshLayer: 0
  m_StaticEditorFlags: 0
  m_IsActive: 1
--- !u!4 &168854544180107013
Transform:
  m_ObjectHideFlags: 0
  m_CorrespondingSourceObject: {fileID: 0}
  m_PrefabInstance: {fileID: 0}
  m_PrefabAsset: {fileID: 0}
  m_GameObject: {fileID: 6559350587300717412}
  m_LocalRotation: {x: -0, y: 0.44145012, z: -0, w: -0.8972858}
  m_LocalPosition: {x: 424.3, y: 0, z: 212.6}
  m_LocalScale: {x: 1, y: 1, z: 1}
  m_Children: []
  m_Father: {fileID: 9103489960843565432}
  m_RootOrder: 12
  m_LocalEulerAnglesHint: {x: 0, y: 307.607, z: 0}
--- !u!65 &204599018047180021
BoxCollider:
  m_ObjectHideFlags: 0
  m_CorrespondingSourceObject: {fileID: 0}
  m_PrefabInstance: {fileID: 0}
  m_PrefabAsset: {fileID: 0}
  m_GameObject: {fileID: 6559350587300717412}
  m_Material: {fileID: 0}
  m_IsTrigger: 1
  m_Enabled: 1
  serializedVersion: 2
  m_Size: {x: 1.3543911, y: 4.0308723, z: 20.25542}
  m_Center: {x: 0, y: 0.039221764, z: -0.3171234}
--- !u!1 &6559350587318289271
GameObject:
  m_ObjectHideFlags: 0
  m_CorrespondingSourceObject: {fileID: 0}
  m_PrefabInstance: {fileID: 0}
  m_PrefabAsset: {fileID: 0}
  serializedVersion: 6
  m_Component:
  - component: {fileID: 168854544229644054}
  - component: {fileID: 204599018096749798}
  m_Layer: 15
  m_Name: Checkpoint (4)
  m_TagString: Untagged
  m_Icon: {fileID: 0}
  m_NavMeshLayer: 0
  m_StaticEditorFlags: 0
  m_IsActive: 1
--- !u!4 &168854544229644054
Transform:
  m_ObjectHideFlags: 0
  m_CorrespondingSourceObject: {fileID: 0}
  m_PrefabInstance: {fileID: 0}
  m_PrefabAsset: {fileID: 0}
  m_GameObject: {fileID: 6559350587318289271}
  m_LocalRotation: {x: -0, y: 0.016458776, z: -0, w: 0.9998646}
  m_LocalPosition: {x: -378.2, y: 0, z: -40.9}
  m_LocalScale: {x: 1, y: 1, z: 1}
  m_Children: []
  m_Father: {fileID: 9103489960843565432}
  m_RootOrder: 47
  m_LocalEulerAnglesHint: {x: 0, y: 1.886, z: 0}
--- !u!65 &204599018096749798
BoxCollider:
  m_ObjectHideFlags: 0
  m_CorrespondingSourceObject: {fileID: 0}
  m_PrefabInstance: {fileID: 0}
  m_PrefabAsset: {fileID: 0}
  m_GameObject: {fileID: 6559350587318289271}
  m_Material: {fileID: 0}
  m_IsTrigger: 1
  m_Enabled: 1
  serializedVersion: 2
  m_Size: {x: 1.3543911, y: 4.0308723, z: 20.25542}
  m_Center: {x: 0, y: 0.039221764, z: -0.3171234}
--- !u!1 &6559350587351918459
GameObject:
  m_ObjectHideFlags: 0
  m_CorrespondingSourceObject: {fileID: 0}
  m_PrefabInstance: {fileID: 0}
  m_PrefabAsset: {fileID: 0}
  serializedVersion: 6
  m_Component:
  - component: {fileID: 168854544128906010}
  - component: {fileID: 204599018130229482}
  m_Layer: 15
  m_Name: Checkpoint (43)
  m_TagString: Untagged
  m_Icon: {fileID: 0}
  m_NavMeshLayer: 0
  m_StaticEditorFlags: 0
  m_IsActive: 1
--- !u!4 &168854544128906010
Transform:
  m_ObjectHideFlags: 0
  m_CorrespondingSourceObject: {fileID: 0}
  m_PrefabInstance: {fileID: 0}
  m_PrefabAsset: {fileID: 0}
  m_GameObject: {fileID: 6559350587351918459}
  m_LocalRotation: {x: -0, y: -0.19591424, z: -0, w: -0.98062104}
  m_LocalPosition: {x: 488.7, y: 0, z: 237.9}
  m_LocalScale: {x: 1, y: 1, z: 1}
  m_Children: []
  m_Father: {fileID: 9103489960843565432}
  m_RootOrder: 13
  m_LocalEulerAnglesHint: {x: 0, y: 382.596, z: 0}
--- !u!65 &204599018130229482
BoxCollider:
  m_ObjectHideFlags: 0
  m_CorrespondingSourceObject: {fileID: 0}
  m_PrefabInstance: {fileID: 0}
  m_PrefabAsset: {fileID: 0}
  m_GameObject: {fileID: 6559350587351918459}
  m_Material: {fileID: 0}
  m_IsTrigger: 1
  m_Enabled: 1
  serializedVersion: 2
  m_Size: {x: 1.3543911, y: 4.0308723, z: 20.25542}
  m_Center: {x: 0, y: 0.039221764, z: -0.3171234}
--- !u!1 &6559350587353155710
GameObject:
  m_ObjectHideFlags: 0
  m_CorrespondingSourceObject: {fileID: 0}
  m_PrefabInstance: {fileID: 0}
  m_PrefabAsset: {fileID: 0}
  serializedVersion: 6
  m_Component:
  - component: {fileID: 168854544131865631}
  - component: {fileID: 204599018133186543}
  m_Layer: 15
  m_Name: Checkpoint (19)
  m_TagString: Untagged
  m_Icon: {fileID: 0}
  m_NavMeshLayer: 0
  m_StaticEditorFlags: 0
  m_IsActive: 1
--- !u!4 &168854544131865631
Transform:
  m_ObjectHideFlags: 0
  m_CorrespondingSourceObject: {fileID: 0}
  m_PrefabInstance: {fileID: 0}
  m_PrefabAsset: {fileID: 0}
  m_GameObject: {fileID: 6559350587353155710}
  m_LocalRotation: {x: -0, y: -0.6664961, z: -0, w: 0.7455086}
  m_LocalPosition: {x: -323.25, y: 0, z: 68.58}
  m_LocalScale: {x: 1, y: 1, z: 1}
  m_Children: []
  m_Father: {fileID: 9103489960843565432}
  m_RootOrder: 37
  m_LocalEulerAnglesHint: {x: 0, y: -83.594, z: 0}
--- !u!65 &204599018133186543
BoxCollider:
  m_ObjectHideFlags: 0
  m_CorrespondingSourceObject: {fileID: 0}
  m_PrefabInstance: {fileID: 0}
  m_PrefabAsset: {fileID: 0}
  m_GameObject: {fileID: 6559350587353155710}
  m_Material: {fileID: 0}
  m_IsTrigger: 1
  m_Enabled: 1
  serializedVersion: 2
  m_Size: {x: 1.3543911, y: 4.0308723, z: 20.25542}
  m_Center: {x: 0, y: 0.039221764, z: -0.3171234}
--- !u!1 &6559350587354551059
GameObject:
  m_ObjectHideFlags: 0
  m_CorrespondingSourceObject: {fileID: 0}
  m_PrefabInstance: {fileID: 0}
  m_PrefabAsset: {fileID: 0}
  serializedVersion: 6
  m_Component:
  - component: {fileID: 168854544126273394}
  - component: {fileID: 204599018143300738}
  m_Layer: 15
  m_Name: Checkpoint (18)
  m_TagString: Untagged
  m_Icon: {fileID: 0}
  m_NavMeshLayer: 0
  m_StaticEditorFlags: 0
  m_IsActive: 1
--- !u!4 &168854544126273394
Transform:
  m_ObjectHideFlags: 0
  m_CorrespondingSourceObject: {fileID: 0}
  m_PrefabInstance: {fileID: 0}
  m_PrefabAsset: {fileID: 0}
  m_GameObject: {fileID: 6559350587354551059}
  m_LocalRotation: {x: -0, y: -0.798466, z: -0, w: 0.6020399}
  m_LocalPosition: {x: -328.52, y: 0, z: 93.33}
  m_LocalScale: {x: 1, y: 1, z: 1}
  m_Children: []
  m_Father: {fileID: 9103489960843565432}
  m_RootOrder: 38
  m_LocalEulerAnglesHint: {x: 0, y: -105.968, z: 0}
--- !u!65 &204599018143300738
BoxCollider:
  m_ObjectHideFlags: 0
  m_CorrespondingSourceObject: {fileID: 0}
  m_PrefabInstance: {fileID: 0}
  m_PrefabAsset: {fileID: 0}
  m_GameObject: {fileID: 6559350587354551059}
  m_Material: {fileID: 0}
  m_IsTrigger: 1
  m_Enabled: 1
  serializedVersion: 2
  m_Size: {x: 1.3543911, y: 4.0308723, z: 20.25542}
  m_Center: {x: 0, y: 0.039221764, z: -0.3171234}
--- !u!1 &6559350587372471273
GameObject:
  m_ObjectHideFlags: 0
  m_CorrespondingSourceObject: {fileID: 0}
  m_PrefabInstance: {fileID: 0}
  m_PrefabAsset: {fileID: 0}
  serializedVersion: 6
  m_Component:
  - component: {fileID: 168854544108353416}
  - component: {fileID: 204599018125372536}
  m_Layer: 15
  m_Name: Checkpoint (34)
  m_TagString: Untagged
  m_Icon: {fileID: 0}
  m_NavMeshLayer: 0
  m_StaticEditorFlags: 0
  m_IsActive: 1
--- !u!4 &168854544108353416
Transform:
  m_ObjectHideFlags: 0
  m_CorrespondingSourceObject: {fileID: 0}
  m_PrefabInstance: {fileID: 0}
  m_PrefabAsset: {fileID: 0}
  m_GameObject: {fileID: 6559350587372471273}
  m_LocalRotation: {x: -0, y: 0.94543564, z: -0, w: 0.32580885}
  m_LocalPosition: {x: 276.5, y: 0, z: 308.2}
  m_LocalScale: {x: 1, y: 1, z: 1}
  m_Children: []
  m_Father: {fileID: 9103489960843565432}
  m_RootOrder: 22
  m_LocalEulerAnglesHint: {x: 0, y: 141.971, z: 0}
--- !u!65 &204599018125372536
BoxCollider:
  m_ObjectHideFlags: 0
  m_CorrespondingSourceObject: {fileID: 0}
  m_PrefabInstance: {fileID: 0}
  m_PrefabAsset: {fileID: 0}
  m_GameObject: {fileID: 6559350587372471273}
  m_Material: {fileID: 0}
  m_IsTrigger: 1
  m_Enabled: 1
  serializedVersion: 2
  m_Size: {x: 1.3543911, y: 4.0308723, z: 20.25542}
  m_Center: {x: 0, y: 0.039221764, z: -0.3171234}
--- !u!1 &6559350587377689220
GameObject:
  m_ObjectHideFlags: 0
  m_CorrespondingSourceObject: {fileID: 0}
  m_PrefabInstance: {fileID: 0}
  m_PrefabAsset: {fileID: 0}
  serializedVersion: 6
  m_Component:
  - component: {fileID: 168854544107329253}
  - component: {fileID: 204599018124348693}
  m_Layer: 15
  m_Name: Checkpoint (50)
  m_TagString: Untagged
  m_Icon: {fileID: 0}
  m_NavMeshLayer: 0
  m_StaticEditorFlags: 0
  m_IsActive: 1
--- !u!4 &168854544107329253
Transform:
  m_ObjectHideFlags: 0
  m_CorrespondingSourceObject: {fileID: 0}
  m_PrefabInstance: {fileID: 0}
  m_PrefabAsset: {fileID: 0}
  m_GameObject: {fileID: 6559350587377689220}
  m_LocalRotation: {x: -0, y: 0.68938196, z: -0, w: -0.7243981}
  m_LocalPosition: {x: 294.9, y: 0, z: 107.7}
  m_LocalScale: {x: 1, y: 1, z: 1}
  m_Children: []
  m_Father: {fileID: 9103489960843565432}
  m_RootOrder: 6
  m_LocalEulerAnglesHint: {x: 0, y: 272.838, z: 0}
--- !u!65 &204599018124348693
BoxCollider:
  m_ObjectHideFlags: 0
  m_CorrespondingSourceObject: {fileID: 0}
  m_PrefabInstance: {fileID: 0}
  m_PrefabAsset: {fileID: 0}
  m_GameObject: {fileID: 6559350587377689220}
  m_Material: {fileID: 0}
  m_IsTrigger: 1
  m_Enabled: 1
  serializedVersion: 2
  m_Size: {x: 1.3543911, y: 4.0308723, z: 20.25542}
  m_Center: {x: 0, y: 0.039221764, z: -0.3171234}
--- !u!1 &6559350587424380401
GameObject:
  m_ObjectHideFlags: 0
  m_CorrespondingSourceObject: {fileID: 0}
  m_PrefabInstance: {fileID: 0}
  m_PrefabAsset: {fileID: 0}
  serializedVersion: 6
  m_Component:
  - component: {fileID: 168854544329073040}
  - component: {fileID: 204599018212932192}
  m_Layer: 15
  m_Name: Checkpoint (27)
  m_TagString: Untagged
  m_Icon: {fileID: 0}
  m_NavMeshLayer: 0
  m_StaticEditorFlags: 0
  m_IsActive: 1
--- !u!4 &168854544329073040
Transform:
  m_ObjectHideFlags: 0
  m_CorrespondingSourceObject: {fileID: 0}
  m_PrefabInstance: {fileID: 0}
  m_PrefabAsset: {fileID: 0}
  m_GameObject: {fileID: 6559350587424380401}
  m_LocalRotation: {x: -0, y: 0.91769236, z: -0, w: 0.39729175}
  m_LocalPosition: {x: -527.1, y: 0, z: 265.8}
  m_LocalScale: {x: 1, y: 1, z: 1}
  m_Children: []
  m_Father: {fileID: 9103489960843565432}
  m_RootOrder: 29
  m_LocalEulerAnglesHint: {x: 0, y: 133.182, z: 0}
--- !u!65 &204599018212932192
BoxCollider:
  m_ObjectHideFlags: 0
  m_CorrespondingSourceObject: {fileID: 0}
  m_PrefabInstance: {fileID: 0}
  m_PrefabAsset: {fileID: 0}
  m_GameObject: {fileID: 6559350587424380401}
  m_Material: {fileID: 0}
  m_IsTrigger: 1
  m_Enabled: 1
  serializedVersion: 2
  m_Size: {x: 1.3543911, y: 4.0308723, z: 20.25542}
  m_Center: {x: 0, y: 0.039221764, z: -0.3171234}
--- !u!1 &6559350587484295093
GameObject:
  m_ObjectHideFlags: 0
  m_CorrespondingSourceObject: {fileID: 0}
  m_PrefabInstance: {fileID: 0}
  m_PrefabAsset: {fileID: 0}
  serializedVersion: 6
  m_Component:
  - component: {fileID: 168854544264969172}
  - component: {fileID: 204599018265239588}
  m_Layer: 15
  m_Name: Checkpoint (42)
  m_TagString: Untagged
  m_Icon: {fileID: 0}
  m_NavMeshLayer: 0
  m_StaticEditorFlags: 0
  m_IsActive: 1
--- !u!4 &168854544264969172
Transform:
  m_ObjectHideFlags: 0
  m_CorrespondingSourceObject: {fileID: 0}
  m_PrefabInstance: {fileID: 0}
  m_PrefabAsset: {fileID: 0}
  m_GameObject: {fileID: 6559350587484295093}
  m_LocalRotation: {x: -0, y: -0.41845372, z: -0, w: -0.9082381}
  m_LocalPosition: {x: 514.3, y: 0, z: 207.1}
  m_LocalScale: {x: 1, y: 1, z: 1}
  m_Children: []
  m_Father: {fileID: 9103489960843565432}
  m_RootOrder: 14
  m_LocalEulerAnglesHint: {x: 0, y: 409.474, z: 0}
--- !u!65 &204599018265239588
BoxCollider:
  m_ObjectHideFlags: 0
  m_CorrespondingSourceObject: {fileID: 0}
  m_PrefabInstance: {fileID: 0}
  m_PrefabAsset: {fileID: 0}
  m_GameObject: {fileID: 6559350587484295093}
  m_Material: {fileID: 0}
  m_IsTrigger: 1
  m_Enabled: 1
  serializedVersion: 2
  m_Size: {x: 1.3543911, y: 4.0308723, z: 20.25542}
  m_Center: {x: 0, y: 0.039221764, z: -0.3171234}
--- !u!1 &6559350587579298969
GameObject:
  m_ObjectHideFlags: 0
  m_CorrespondingSourceObject: {fileID: 0}
  m_PrefabInstance: {fileID: 0}
  m_PrefabAsset: {fileID: 0}
  serializedVersion: 6
  m_Component:
  - component: {fileID: 168854544442589432}
  - component: {fileID: 204599019400223496}
  m_Layer: 15
  m_Name: Checkpoint (47)
  m_TagString: Untagged
  m_Icon: {fileID: 0}
  m_NavMeshLayer: 0
  m_StaticEditorFlags: 0
  m_IsActive: 1
--- !u!4 &168854544442589432
Transform:
  m_ObjectHideFlags: 0
  m_CorrespondingSourceObject: {fileID: 0}
  m_PrefabInstance: {fileID: 0}
  m_PrefabAsset: {fileID: 0}
  m_GameObject: {fileID: 6559350587579298969}
  m_LocalRotation: {x: -0, y: -0.81859547, z: -0, w: -0.57437056}
  m_LocalPosition: {x: 353.8, y: 0, z: 79.2}
  m_LocalScale: {x: 1, y: 1, z: 1}
  m_Children: []
  m_Father: {fileID: 9103489960843565432}
  m_RootOrder: 9
  m_LocalEulerAnglesHint: {x: 0, y: 469.889, z: 0}
--- !u!65 &204599019400223496
BoxCollider:
  m_ObjectHideFlags: 0
  m_CorrespondingSourceObject: {fileID: 0}
  m_PrefabInstance: {fileID: 0}
  m_PrefabAsset: {fileID: 0}
  m_GameObject: {fileID: 6559350587579298969}
  m_Material: {fileID: 0}
  m_IsTrigger: 1
  m_Enabled: 1
  serializedVersion: 2
  m_Size: {x: 1.3543911, y: 4.0308723, z: 20.25542}
  m_Center: {x: 0, y: 0.039221764, z: -0.3171234}
--- !u!1 &6559350587661977481
GameObject:
  m_ObjectHideFlags: 0
  m_CorrespondingSourceObject: {fileID: 0}
  m_PrefabInstance: {fileID: 0}
  m_PrefabAsset: {fileID: 0}
  serializedVersion: 6
  m_Component:
  - component: {fileID: 168854544422826984}
  - component: {fileID: 204599019513587736}
  m_Layer: 15
  m_Name: Checkpoint (14)
  m_TagString: Untagged
  m_Icon: {fileID: 0}
  m_NavMeshLayer: 0
  m_StaticEditorFlags: 0
  m_IsActive: 1
--- !u!4 &168854544422826984
Transform:
  m_ObjectHideFlags: 0
  m_CorrespondingSourceObject: {fileID: 0}
  m_PrefabInstance: {fileID: 0}
  m_PrefabAsset: {fileID: 0}
  m_GameObject: {fileID: 6559350587661977481}
  m_LocalRotation: {x: -0, y: 0.12707287, z: -0, w: 0.9918934}
  m_LocalPosition: {x: -290.63, y: 0, z: 135.57}
  m_LocalScale: {x: 1, y: 1, z: 1}
  m_Children: []
  m_Father: {fileID: 9103489960843565432}
  m_RootOrder: 40
  m_LocalEulerAnglesHint: {x: 0, y: 14.601, z: 0}
--- !u!65 &204599019513587736
BoxCollider:
  m_ObjectHideFlags: 0
  m_CorrespondingSourceObject: {fileID: 0}
  m_PrefabInstance: {fileID: 0}
  m_PrefabAsset: {fileID: 0}
  m_GameObject: {fileID: 6559350587661977481}
  m_Material: {fileID: 0}
  m_IsTrigger: 1
  m_Enabled: 1
  serializedVersion: 2
  m_Size: {x: 1.3543911, y: 4.0308723, z: 20.25542}
  m_Center: {x: 0, y: 0.039221764, z: -0.3171234}
--- !u!1 &6559350587674621744
GameObject:
  m_ObjectHideFlags: 0
  m_CorrespondingSourceObject: {fileID: 0}
  m_PrefabInstance: {fileID: 0}
  m_PrefabAsset: {fileID: 0}
  serializedVersion: 6
  m_Component:
  - component: {fileID: 168854544410182481}
  - component: {fileID: 204599019502033057}
  m_Layer: 15
  m_Name: Checkpoint (2)
  m_TagString: Untagged
  m_Icon: {fileID: 0}
  m_NavMeshLayer: 0
  m_StaticEditorFlags: 0
  m_IsActive: 1
--- !u!4 &168854544410182481
Transform:
  m_ObjectHideFlags: 0
  m_CorrespondingSourceObject: {fileID: 0}
  m_PrefabInstance: {fileID: 0}
  m_PrefabAsset: {fileID: 0}
  m_GameObject: {fileID: 6559350587674621744}
  m_LocalRotation: {x: -0, y: -0.39131108, z: -0, w: 0.92025846}
  m_LocalPosition: {x: -220.4, y: 0, z: -8.47}
  m_LocalScale: {x: 1, y: 1, z: 1}
  m_Children: []
  m_Father: {fileID: 9103489960843565432}
  m_RootOrder: 49
  m_LocalEulerAnglesHint: {x: 0, y: -46.072, z: 0}
--- !u!65 &204599019502033057
BoxCollider:
  m_ObjectHideFlags: 0
  m_CorrespondingSourceObject: {fileID: 0}
  m_PrefabInstance: {fileID: 0}
  m_PrefabAsset: {fileID: 0}
  m_GameObject: {fileID: 6559350587674621744}
  m_Material: {fileID: 0}
  m_IsTrigger: 1
  m_Enabled: 1
  serializedVersion: 2
  m_Size: {x: 1.3543911, y: 4.0308723, z: 20.25542}
  m_Center: {x: 0, y: 0.039221764, z: -0.3171234}
--- !u!1 &6559350587730710936
GameObject:
  m_ObjectHideFlags: 0
  m_CorrespondingSourceObject: {fileID: 0}
  m_PrefabInstance: {fileID: 0}
  m_PrefabAsset: {fileID: 0}
  serializedVersion: 6
  m_Component:
  - component: {fileID: 168854544626722297}
  - component: {fileID: 204599019583307273}
  m_Layer: 15
  m_Name: Checkpoint (3)
  m_TagString: Untagged
  m_Icon: {fileID: 0}
  m_NavMeshLayer: 0
  m_StaticEditorFlags: 0
  m_IsActive: 1
--- !u!4 &168854544626722297
Transform:
  m_ObjectHideFlags: 0
  m_CorrespondingSourceObject: {fileID: 0}
  m_PrefabInstance: {fileID: 0}
  m_PrefabAsset: {fileID: 0}
  m_GameObject: {fileID: 6559350587730710936}
  m_LocalRotation: {x: -0, y: -0.04824593, z: -0, w: 0.99883556}
  m_LocalPosition: {x: -253.98, y: 0, z: -40.69}
  m_LocalScale: {x: 1, y: 1, z: 1}
  m_Children: []
  m_Father: {fileID: 9103489960843565432}
  m_RootOrder: 48
  m_LocalEulerAnglesHint: {x: 0, y: -5.531, z: 0}
--- !u!65 &204599019583307273
BoxCollider:
  m_ObjectHideFlags: 0
  m_CorrespondingSourceObject: {fileID: 0}
  m_PrefabInstance: {fileID: 0}
  m_PrefabAsset: {fileID: 0}
  m_GameObject: {fileID: 6559350587730710936}
  m_Material: {fileID: 0}
  m_IsTrigger: 1
  m_Enabled: 1
  serializedVersion: 2
  m_Size: {x: 1.3543911, y: 4.0308723, z: 20.25542}
  m_Center: {x: 0, y: 0.039221764, z: -0.3171234}
--- !u!1 &6559350587768017338
GameObject:
  m_ObjectHideFlags: 0
  m_CorrespondingSourceObject: {fileID: 0}
  m_PrefabInstance: {fileID: 0}
  m_PrefabAsset: {fileID: 0}
  serializedVersion: 6
  m_Component:
  - component: {fileID: 168854544522307035}
  - component: {fileID: 204599019597348395}
  m_Layer: 15
  m_Name: Checkpoint (48)
  m_TagString: Untagged
  m_Icon: {fileID: 0}
  m_NavMeshLayer: 0
  m_StaticEditorFlags: 0
  m_IsActive: 1
--- !u!4 &168854544522307035
Transform:
  m_ObjectHideFlags: 0
  m_CorrespondingSourceObject: {fileID: 0}
  m_PrefabInstance: {fileID: 0}
  m_PrefabAsset: {fileID: 0}
  m_GameObject: {fileID: 6559350587768017338}
  m_LocalRotation: {x: -0, y: -0.5850222, z: -0, w: -0.8110172}
  m_LocalPosition: {x: 357.4, y: 0, z: 115.5}
  m_LocalScale: {x: 1, y: 1, z: 1}
  m_Children: []
  m_Father: {fileID: 9103489960843565432}
  m_RootOrder: 8
  m_LocalEulerAnglesHint: {x: 0, y: 431.609, z: 0}
--- !u!65 &204599019597348395
BoxCollider:
  m_ObjectHideFlags: 0
  m_CorrespondingSourceObject: {fileID: 0}
  m_PrefabInstance: {fileID: 0}
  m_PrefabAsset: {fileID: 0}
  m_GameObject: {fileID: 6559350587768017338}
  m_Material: {fileID: 0}
  m_IsTrigger: 1
  m_Enabled: 1
  serializedVersion: 2
  m_Size: {x: 1.3543911, y: 4.0308723, z: 20.25542}
  m_Center: {x: 0, y: 0.039221764, z: -0.3171234}
--- !u!1 &6559350587831971399
GameObject:
  m_ObjectHideFlags: 0
  m_CorrespondingSourceObject: {fileID: 0}
  m_PrefabInstance: {fileID: 0}
  m_PrefabAsset: {fileID: 0}
  serializedVersion: 6
  m_Component:
  - component: {fileID: 168854544726792742}
  - component: {fileID: 204599019684413910}
  m_Layer: 15
  m_Name: Checkpoint (49)
  m_TagString: Untagged
  m_Icon: {fileID: 0}
  m_NavMeshLayer: 0
  m_StaticEditorFlags: 0
  m_IsActive: 1
--- !u!4 &168854544726792742
Transform:
  m_ObjectHideFlags: 0
  m_CorrespondingSourceObject: {fileID: 0}
  m_PrefabInstance: {fileID: 0}
  m_PrefabAsset: {fileID: 0}
  m_GameObject: {fileID: 6559350587831971399}
  m_LocalRotation: {x: -0, y: 0.23890235, z: -0, w: -0.97104365}
  m_LocalPosition: {x: 312.2, y: 0, z: 131.9}
  m_LocalScale: {x: 1, y: 1, z: 1}
  m_Children: []
  m_Father: {fileID: 9103489960843565432}
  m_RootOrder: 7
  m_LocalEulerAnglesHint: {x: 0, y: 332.356, z: 0}
--- !u!65 &204599019684413910
BoxCollider:
  m_ObjectHideFlags: 0
  m_CorrespondingSourceObject: {fileID: 0}
  m_PrefabInstance: {fileID: 0}
  m_PrefabAsset: {fileID: 0}
  m_GameObject: {fileID: 6559350587831971399}
  m_Material: {fileID: 0}
  m_IsTrigger: 1
  m_Enabled: 1
  serializedVersion: 2
  m_Size: {x: 1.3543911, y: 4.0308723, z: 20.25542}
  m_Center: {x: 0, y: 0.039221764, z: -0.3171234}
--- !u!1 &6559350587859059789
GameObject:
  m_ObjectHideFlags: 0
  m_CorrespondingSourceObject: {fileID: 0}
  m_PrefabInstance: {fileID: 0}
  m_PrefabAsset: {fileID: 0}
  serializedVersion: 6
  m_Component:
  - component: {fileID: 168854544762613804}
  - component: {fileID: 204599019719191516}
  m_Layer: 15
  m_Name: Checkpoint (20)
  m_TagString: Untagged
  m_Icon: {fileID: 0}
  m_NavMeshLayer: 0
  m_StaticEditorFlags: 0
  m_IsActive: 1
--- !u!4 &168854544762613804
Transform:
  m_ObjectHideFlags: 0
  m_CorrespondingSourceObject: {fileID: 0}
  m_PrefabInstance: {fileID: 0}
  m_PrefabAsset: {fileID: 0}
  m_GameObject: {fileID: 6559350587859059789}
  m_LocalRotation: {x: -0, y: -0.04180612, z: -0, w: 0.9991258}
  m_LocalPosition: {x: -354.8, y: 0, z: 41}
  m_LocalScale: {x: 1, y: 1, z: 1}
  m_Children: []
  m_Father: {fileID: 9103489960843565432}
  m_RootOrder: 36
  m_LocalEulerAnglesHint: {x: 0, y: -4.792, z: 0}
--- !u!65 &204599019719191516
BoxCollider:
  m_ObjectHideFlags: 0
  m_CorrespondingSourceObject: {fileID: 0}
  m_PrefabInstance: {fileID: 0}
  m_PrefabAsset: {fileID: 0}
  m_GameObject: {fileID: 6559350587859059789}
  m_Material: {fileID: 0}
  m_IsTrigger: 1
  m_Enabled: 1
  serializedVersion: 2
  m_Size: {x: 1.3543911, y: 4.0308723, z: 20.25542}
  m_Center: {x: 0, y: 0.039221764, z: -0.3171234}
--- !u!1 &6559350587893055182
GameObject:
  m_ObjectHideFlags: 0
  m_CorrespondingSourceObject: {fileID: 0}
  m_PrefabInstance: {fileID: 0}
  m_PrefabAsset: {fileID: 0}
  serializedVersion: 6
  m_Component:
  - component: {fileID: 168854544661514927}
  - component: {fileID: 204599019753361759}
  m_Layer: 15
  m_Name: Checkpoint (51)
  m_TagString: Untagged
  m_Icon: {fileID: 0}
  m_NavMeshLayer: 0
  m_StaticEditorFlags: 0
  m_IsActive: 1
--- !u!4 &168854544661514927
Transform:
  m_ObjectHideFlags: 0
  m_CorrespondingSourceObject: {fileID: 0}
  m_PrefabInstance: {fileID: 0}
  m_PrefabAsset: {fileID: 0}
  m_GameObject: {fileID: 6559350587893055182}
  m_LocalRotation: {x: -0, y: 0.96618205, z: -0, w: -0.25786102}
  m_LocalPosition: {x: 332.5, y: 0, z: 21.8}
  m_LocalScale: {x: 1, y: 1, z: 1}
  m_Children: []
  m_Father: {fileID: 9103489960843565432}
  m_RootOrder: 5
  m_LocalEulerAnglesHint: {x: 0, y: 209.886, z: 0}
--- !u!65 &204599019753361759
BoxCollider:
  m_ObjectHideFlags: 0
  m_CorrespondingSourceObject: {fileID: 0}
  m_PrefabInstance: {fileID: 0}
  m_PrefabAsset: {fileID: 0}
  m_GameObject: {fileID: 6559350587893055182}
  m_Material: {fileID: 0}
  m_IsTrigger: 1
  m_Enabled: 1
  serializedVersion: 2
  m_Size: {x: 1.3543911, y: 4.0308723, z: 20.25542}
  m_Center: {x: 0, y: 0.039221764, z: -0.3171234}
--- !u!1 &6559350587946777836
GameObject:
  m_ObjectHideFlags: 0
  m_CorrespondingSourceObject: {fileID: 0}
  m_PrefabInstance: {fileID: 0}
  m_PrefabAsset: {fileID: 0}
  serializedVersion: 6
  m_Component:
  - component: {fileID: 168854544674900109}
  - component: {fileID: 204599019765666685}
  m_Layer: 15
  m_Name: Checkpoint (41)
  m_TagString: Untagged
  m_Icon: {fileID: 0}
  m_NavMeshLayer: 0
  m_StaticEditorFlags: 0
  m_IsActive: 1
--- !u!4 &168854544674900109
Transform:
  m_ObjectHideFlags: 0
  m_CorrespondingSourceObject: {fileID: 0}
  m_PrefabInstance: {fileID: 0}
  m_PrefabAsset: {fileID: 0}
  m_GameObject: {fileID: 6559350587946777836}
  m_LocalRotation: {x: -0, y: 0.4217411, z: -0, w: -0.90671635}
  m_LocalPosition: {x: 560.8, y: 0, z: 209.1}
  m_LocalScale: {x: 1, y: 1, z: 1}
  m_Children: []
  m_Father: {fileID: 9103489960843565432}
  m_RootOrder: 15
  m_LocalEulerAnglesHint: {x: 0, y: 310.111, z: 0}
--- !u!65 &204599019765666685
BoxCollider:
  m_ObjectHideFlags: 0
  m_CorrespondingSourceObject: {fileID: 0}
  m_PrefabInstance: {fileID: 0}
  m_PrefabAsset: {fileID: 0}
  m_GameObject: {fileID: 6559350587946777836}
  m_Material: {fileID: 0}
  m_IsTrigger: 1
  m_Enabled: 1
  serializedVersion: 2
  m_Size: {x: 1.3543911, y: 4.0308723, z: 20.25542}
  m_Center: {x: 0, y: 0.039221764, z: -0.3171234}
--- !u!1 &6559350587976315857
GameObject:
  m_ObjectHideFlags: 0
  m_CorrespondingSourceObject: {fileID: 0}
  m_PrefabInstance: {fileID: 0}
  m_PrefabAsset: {fileID: 0}
  serializedVersion: 6
  m_Component:
  - component: {fileID: 168854544846686128}
  - component: {fileID: 204599019803270208}
  m_Layer: 15
  m_Name: Checkpoint (12)
  m_TagString: Untagged
  m_Icon: {fileID: 0}
  m_NavMeshLayer: 0
  m_StaticEditorFlags: 0
  m_IsActive: 1
--- !u!4 &168854544846686128
Transform:
  m_ObjectHideFlags: 0
  m_CorrespondingSourceObject: {fileID: 0}
  m_PrefabInstance: {fileID: 0}
  m_PrefabAsset: {fileID: 0}
  m_GameObject: {fileID: 6559350587976315857}
  m_LocalRotation: {x: -0, y: 0.69778436, z: -0, w: 0.7163079}
  m_LocalPosition: {x: -264.59, y: 0, z: 109.41}
  m_LocalScale: {x: 1, y: 1, z: 1}
  m_Children: []
  m_Father: {fileID: 9103489960843565432}
  m_RootOrder: 41
  m_LocalEulerAnglesHint: {x: 0, y: 88.499, z: 0}
--- !u!65 &204599019803270208
BoxCollider:
  m_ObjectHideFlags: 0
  m_CorrespondingSourceObject: {fileID: 0}
  m_PrefabInstance: {fileID: 0}
  m_PrefabAsset: {fileID: 0}
  m_GameObject: {fileID: 6559350587976315857}
  m_Material: {fileID: 0}
  m_IsTrigger: 1
  m_Enabled: 1
  serializedVersion: 2
  m_Size: {x: 1.3543911, y: 4.0308723, z: 20.25542}
  m_Center: {x: 0, y: 0.039221764, z: -0.3171234}
--- !u!1 &6559350587988057471
GameObject:
  m_ObjectHideFlags: 0
  m_CorrespondingSourceObject: {fileID: 0}
  m_PrefabInstance: {fileID: 0}
  m_PrefabAsset: {fileID: 0}
  serializedVersion: 6
  m_Component:
  - component: {fileID: 168854544902056222}
  - component: {fileID: 204599019841827566}
  m_Layer: 15
  m_Name: Checkpoint (22)
  m_TagString: Untagged
  m_Icon: {fileID: 0}
  m_NavMeshLayer: 0
  m_StaticEditorFlags: 0
  m_IsActive: 1
--- !u!4 &168854544902056222
Transform:
  m_ObjectHideFlags: 0
  m_CorrespondingSourceObject: {fileID: 0}
  m_PrefabInstance: {fileID: 0}
  m_PrefabAsset: {fileID: 0}
  m_GameObject: {fileID: 6559350587988057471}
  m_LocalRotation: {x: -0, y: 0.7007587, z: -0, w: 0.7133984}
  m_LocalPosition: {x: -388.4, y: 0, z: 73.2}
  m_LocalScale: {x: 1, y: 1, z: 1}
  m_Children: []
  m_Father: {fileID: 9103489960843565432}
  m_RootOrder: 34
  m_LocalEulerAnglesHint: {x: 0, y: 88.976, z: 0}
--- !u!65 &204599019841827566
BoxCollider:
  m_ObjectHideFlags: 0
  m_CorrespondingSourceObject: {fileID: 0}
  m_PrefabInstance: {fileID: 0}
  m_PrefabAsset: {fileID: 0}
  m_GameObject: {fileID: 6559350587988057471}
  m_Material: {fileID: 0}
  m_IsTrigger: 1
  m_Enabled: 1
  serializedVersion: 2
  m_Size: {x: 1.3543911, y: 4.0308723, z: 20.25542}
  m_Center: {x: 0, y: 0.039221764, z: -0.3171234}
--- !u!1 &6559350588000170860
GameObject:
  m_ObjectHideFlags: 0
  m_CorrespondingSourceObject: {fileID: 0}
  m_PrefabInstance: {fileID: 0}
  m_PrefabAsset: {fileID: 0}
  serializedVersion: 6
  m_Component:
  - component: {fileID: 168854544894134029}
  - component: {fileID: 204599019851767037}
  m_Layer: 15
  m_Name: Checkpoint (36)
  m_TagString: Untagged
  m_Icon: {fileID: 0}
  m_NavMeshLayer: 0
  m_StaticEditorFlags: 0
  m_IsActive: 1
--- !u!4 &168854544894134029
Transform:
  m_ObjectHideFlags: 0
  m_CorrespondingSourceObject: {fileID: 0}
  m_PrefabInstance: {fileID: 0}
  m_PrefabAsset: {fileID: 0}
  m_GameObject: {fileID: 6559350588000170860}
  m_LocalRotation: {x: -0, y: 0.80125064, z: -0, w: -0.5983288}
  m_LocalPosition: {x: 353.1, y: 0, z: 353.3}
  m_LocalScale: {x: 1, y: 1, z: 1}
  m_Children: []
  m_Father: {fileID: 9103489960843565432}
  m_RootOrder: 20
  m_LocalEulerAnglesHint: {x: 0, y: 253.501, z: 0}
--- !u!65 &204599019851767037
BoxCollider:
  m_ObjectHideFlags: 0
  m_CorrespondingSourceObject: {fileID: 0}
  m_PrefabInstance: {fileID: 0}
  m_PrefabAsset: {fileID: 0}
  m_GameObject: {fileID: 6559350588000170860}
  m_Material: {fileID: 0}
  m_IsTrigger: 1
  m_Enabled: 1
  serializedVersion: 2
  m_Size: {x: 1.3543911, y: 4.0308723, z: 20.25542}
  m_Center: {x: 0, y: 0.039221764, z: -0.3171234}
--- !u!1 &6559350588005285911
GameObject:
  m_ObjectHideFlags: 0
  m_CorrespondingSourceObject: {fileID: 0}
  m_PrefabInstance: {fileID: 0}
  m_PrefabAsset: {fileID: 0}
  serializedVersion: 6
  m_Component:
  - component: {fileID: 168854544884823158}
  - component: {fileID: 204599019825639302}
  m_Layer: 15
  m_Name: Checkpoint (30)
  m_TagString: Untagged
  m_Icon: {fileID: 0}
  m_NavMeshLayer: 0
  m_StaticEditorFlags: 0
  m_IsActive: 1
--- !u!4 &168854544884823158
Transform:
  m_ObjectHideFlags: 0
  m_CorrespondingSourceObject: {fileID: 0}
  m_PrefabInstance: {fileID: 0}
  m_PrefabAsset: {fileID: 0}
  m_GameObject: {fileID: 6559350588005285911}
  m_LocalRotation: {x: -0, y: 0.8167995, z: -0, w: 0.57692164}
  m_LocalPosition: {x: -277.2, y: 0, z: 196.6}
  m_LocalScale: {x: 1, y: 1, z: 1}
  m_Children: []
  m_Father: {fileID: 9103489960843565432}
  m_RootOrder: 26
  m_LocalEulerAnglesHint: {x: 0, y: 109.531, z: 0}
--- !u!65 &204599019825639302
BoxCollider:
  m_ObjectHideFlags: 0
  m_CorrespondingSourceObject: {fileID: 0}
  m_PrefabInstance: {fileID: 0}
  m_PrefabAsset: {fileID: 0}
  m_GameObject: {fileID: 6559350588005285911}
  m_Material: {fileID: 0}
  m_IsTrigger: 1
  m_Enabled: 1
  serializedVersion: 2
  m_Size: {x: 1.3543911, y: 4.0308723, z: 20.25542}
  m_Center: {x: 0, y: 0.039221764, z: -0.3171234}
--- !u!1 &6559350588139139124
GameObject:
  m_ObjectHideFlags: 0
  m_CorrespondingSourceObject: {fileID: 0}
  m_PrefabInstance: {fileID: 0}
  m_PrefabAsset: {fileID: 0}
  serializedVersion: 6
  m_Component:
  - component: {fileID: 168854545019405397}
  - component: {fileID: 204599018886520741}
  m_Layer: 15
  m_Name: Checkpoint (25)
  m_TagString: Untagged
  m_Icon: {fileID: 0}
  m_NavMeshLayer: 0
  m_StaticEditorFlags: 0
  m_IsActive: 1
--- !u!4 &168854545019405397
Transform:
  m_ObjectHideFlags: 0
  m_CorrespondingSourceObject: {fileID: 0}
  m_PrefabInstance: {fileID: 0}
  m_PrefabAsset: {fileID: 0}
  m_GameObject: {fileID: 6559350588139139124}
  m_LocalRotation: {x: -0, y: -0.2950566, z: -0, w: 0.9554798}
  m_LocalPosition: {x: -486.3, y: 0, z: 204.7}
  m_LocalScale: {x: 1, y: 1, z: 1}
  m_Children: []
  m_Father: {fileID: 9103489960843565432}
  m_RootOrder: 31
  m_LocalEulerAnglesHint: {x: 0, y: -34.322, z: 0}
--- !u!65 &204599018886520741
BoxCollider:
  m_ObjectHideFlags: 0
  m_CorrespondingSourceObject: {fileID: 0}
  m_PrefabInstance: {fileID: 0}
  m_PrefabAsset: {fileID: 0}
  m_GameObject: {fileID: 6559350588139139124}
  m_Material: {fileID: 0}
  m_IsTrigger: 1
  m_Enabled: 1
  serializedVersion: 2
  m_Size: {x: 1.3543911, y: 4.0308723, z: 20.25542}
  m_Center: {x: 0, y: 0.039221764, z: -0.3171234}
--- !u!1 &6559350588142574672
GameObject:
  m_ObjectHideFlags: 0
  m_CorrespondingSourceObject: {fileID: 0}
  m_PrefabInstance: {fileID: 0}
  m_PrefabAsset: {fileID: 0}
  serializedVersion: 6
  m_Component:
  - component: {fileID: 168854545020168241}
  - component: {fileID: 204599018887279553}
  m_Layer: 15
  m_Name: Checkpoint (10)
  m_TagString: Untagged
  m_Icon: {fileID: 0}
  m_NavMeshLayer: 0
  m_StaticEditorFlags: 0
  m_IsActive: 1
--- !u!4 &168854545020168241
Transform:
  m_ObjectHideFlags: 0
  m_CorrespondingSourceObject: {fileID: 0}
  m_PrefabInstance: {fileID: 0}
  m_PrefabAsset: {fileID: 0}
  m_GameObject: {fileID: 6559350588142574672}
  m_LocalRotation: {x: -0, y: 0.94450855, z: -0, w: 0.32848698}
  m_LocalPosition: {x: -299.1, y: 0, z: 24.35}
  m_LocalScale: {x: 1, y: 1, z: 1}
  m_Children: []
  m_Father: {fileID: 9103489960843565432}
  m_RootOrder: 43
  m_LocalEulerAnglesHint: {x: 0, y: 141.646, z: 0}
--- !u!65 &204599018887279553
BoxCollider:
  m_ObjectHideFlags: 0
  m_CorrespondingSourceObject: {fileID: 0}
  m_PrefabInstance: {fileID: 0}
  m_PrefabAsset: {fileID: 0}
  m_GameObject: {fileID: 6559350588142574672}
  m_Material: {fileID: 0}
  m_IsTrigger: 1
  m_Enabled: 1
  serializedVersion: 2
  m_Size: {x: 1.3543911, y: 4.0308723, z: 20.25542}
  m_Center: {x: 0, y: 0.039221764, z: -0.3171234}
--- !u!1 &6559350588251264035
GameObject:
  m_ObjectHideFlags: 0
  m_CorrespondingSourceObject: {fileID: 0}
  m_PrefabInstance: {fileID: 0}
  m_PrefabAsset: {fileID: 0}
  serializedVersion: 6
  m_Component:
  - component: {fileID: 168854545112801346}
  - component: {fileID: 204599018995645362}
  m_Layer: 15
  m_Name: Checkpoint (28)
  m_TagString: Untagged
  m_Icon: {fileID: 0}
  m_NavMeshLayer: 0
  m_StaticEditorFlags: 0
  m_IsActive: 1
--- !u!4 &168854545112801346
Transform:
  m_ObjectHideFlags: 0
  m_CorrespondingSourceObject: {fileID: 0}
  m_PrefabInstance: {fileID: 0}
  m_PrefabAsset: {fileID: 0}
  m_GameObject: {fileID: 6559350588251264035}
  m_LocalRotation: {x: -0, y: 0.96263015, z: -0, w: -0.27081954}
  m_LocalPosition: {x: -370.4, y: 0, z: 269.4}
  m_LocalScale: {x: 1, y: 1, z: 1}
  m_Children: []
  m_Father: {fileID: 9103489960843565432}
  m_RootOrder: 28
  m_LocalEulerAnglesHint: {x: 0, y: 211.426, z: 0}
--- !u!65 &204599018995645362
BoxCollider:
  m_ObjectHideFlags: 0
  m_CorrespondingSourceObject: {fileID: 0}
  m_PrefabInstance: {fileID: 0}
  m_PrefabAsset: {fileID: 0}
  m_GameObject: {fileID: 6559350588251264035}
  m_Material: {fileID: 0}
  m_IsTrigger: 1
  m_Enabled: 1
  serializedVersion: 2
  m_Size: {x: 1.3543911, y: 4.0308723, z: 20.25542}
  m_Center: {x: 0, y: 0.039221764, z: -0.3171234}
--- !u!1 &6559350588296374789
GameObject:
  m_ObjectHideFlags: 0
  m_CorrespondingSourceObject: {fileID: 0}
  m_PrefabInstance: {fileID: 0}
  m_PrefabAsset: {fileID: 0}
  serializedVersion: 6
  m_Component:
  - component: {fileID: 168854545067695716}
  - component: {fileID: 204599019084711316}
  m_Layer: 15
  m_Name: Checkpoint (16)
  m_TagString: Untagged
  m_Icon: {fileID: 0}
  m_NavMeshLayer: 0
  m_StaticEditorFlags: 0
  m_IsActive: 1
--- !u!4 &168854545067695716
Transform:
  m_ObjectHideFlags: 0
  m_CorrespondingSourceObject: {fileID: 0}
  m_PrefabInstance: {fileID: 0}
  m_PrefabAsset: {fileID: 0}
  m_GameObject: {fileID: 6559350588296374789}
  m_LocalRotation: {x: -0, y: -0.40085742, z: -0, w: 0.9161405}
  m_LocalPosition: {x: -320.98, y: 0, z: 124.44}
  m_LocalScale: {x: 1, y: 1, z: 1}
  m_Children: []
  m_Father: {fileID: 9103489960843565432}
  m_RootOrder: 39
  m_LocalEulerAnglesHint: {x: 0, y: -47.264, z: 0}
--- !u!65 &204599019084711316
BoxCollider:
  m_ObjectHideFlags: 0
  m_CorrespondingSourceObject: {fileID: 0}
  m_PrefabInstance: {fileID: 0}
  m_PrefabAsset: {fileID: 0}
  m_GameObject: {fileID: 6559350588296374789}
  m_Material: {fileID: 0}
  m_IsTrigger: 1
  m_Enabled: 1
  serializedVersion: 2
  m_Size: {x: 1.3543911, y: 4.0308723, z: 20.25542}
  m_Center: {x: 0, y: 0.039221764, z: -0.3171234}
--- !u!1 &6559350588308583555
GameObject:
  m_ObjectHideFlags: 0
  m_CorrespondingSourceObject: {fileID: 0}
  m_PrefabInstance: {fileID: 0}
  m_PrefabAsset: {fileID: 0}
  serializedVersion: 6
  m_Component:
  - component: {fileID: 168854545055482082}
  - component: {fileID: 204599019055766290}
  m_Layer: 15
  m_Name: Checkpoint (40)
  m_TagString: Untagged
  m_Icon: {fileID: 0}
  m_NavMeshLayer: 0
  m_StaticEditorFlags: 0
  m_IsActive: 1
--- !u!4 &168854545055482082
Transform:
  m_ObjectHideFlags: 0
  m_CorrespondingSourceObject: {fileID: 0}
  m_PrefabInstance: {fileID: 0}
  m_PrefabAsset: {fileID: 0}
  m_GameObject: {fileID: 6559350588308583555}
  m_LocalRotation: {x: -0, y: 0.92437035, z: -0, w: -0.3814964}
  m_LocalPosition: {x: 557.46, y: 0, z: 266.5}
  m_LocalScale: {x: 1, y: 1, z: 1}
  m_Children: []
  m_Father: {fileID: 9103489960843565432}
  m_RootOrder: 16
  m_LocalEulerAnglesHint: {x: 0, y: 224.853, z: 0}
--- !u!65 &204599019055766290
BoxCollider:
  m_ObjectHideFlags: 0
  m_CorrespondingSourceObject: {fileID: 0}
  m_PrefabInstance: {fileID: 0}
  m_PrefabAsset: {fileID: 0}
  m_GameObject: {fileID: 6559350588308583555}
  m_Material: {fileID: 0}
  m_IsTrigger: 1
  m_Enabled: 1
  serializedVersion: 2
  m_Size: {x: 1.3543911, y: 4.0308723, z: 20.25542}
  m_Center: {x: 0, y: 0.039221764, z: -0.3171234}
--- !u!1 &6559350588401867108
GameObject:
  m_ObjectHideFlags: 0
  m_CorrespondingSourceObject: {fileID: 0}
  m_PrefabInstance: {fileID: 0}
  m_PrefabAsset: {fileID: 0}
  serializedVersion: 6
  m_Component:
  - component: {fileID: 168854545297747205}
  - component: {fileID: 204599019180586741}
  m_Layer: 15
  m_Name: Checkpoint (9)
  m_TagString: Untagged
  m_Icon: {fileID: 0}
  m_NavMeshLayer: 0
  m_StaticEditorFlags: 0
  m_IsActive: 1
--- !u!4 &168854545297747205
Transform:
  m_ObjectHideFlags: 0
  m_CorrespondingSourceObject: {fileID: 0}
  m_PrefabInstance: {fileID: 0}
  m_PrefabAsset: {fileID: 0}
  m_GameObject: {fileID: 6559350588401867108}
  m_LocalRotation: {x: -0, y: 0.99972713, z: -0, w: -0.023363432}
  m_LocalPosition: {x: -314.93, y: 0, z: 18.45}
  m_LocalScale: {x: 1, y: 1, z: 1}
  m_Children: []
  m_Father: {fileID: 9103489960843565432}
  m_RootOrder: 44
  m_LocalEulerAnglesHint: {x: 0, y: 182.677, z: 0}
--- !u!65 &204599019180586741
BoxCollider:
  m_ObjectHideFlags: 0
  m_CorrespondingSourceObject: {fileID: 0}
  m_PrefabInstance: {fileID: 0}
  m_PrefabAsset: {fileID: 0}
  m_GameObject: {fileID: 6559350588401867108}
  m_Material: {fileID: 0}
  m_IsTrigger: 1
  m_Enabled: 1
  serializedVersion: 2
  m_Size: {x: 1.3543911, y: 4.0308723, z: 20.25542}
  m_Center: {x: 0, y: 0.039221764, z: -0.3171234}
--- !u!1 &6559350588551960142
GameObject:
  m_ObjectHideFlags: 0
  m_CorrespondingSourceObject: {fileID: 0}
  m_PrefabInstance: {fileID: 0}
  m_PrefabAsset: {fileID: 0}
  serializedVersion: 6
  m_Component:
  - component: {fileID: 168854545416086063}
  - component: {fileID: 204599019298896351}
  m_Layer: 15
  m_Name: Checkpoint (55)
  m_TagString: Untagged
  m_Icon: {fileID: 0}
  m_NavMeshLayer: 0
  m_StaticEditorFlags: 0
  m_IsActive: 1
--- !u!4 &168854545416086063
Transform:
  m_ObjectHideFlags: 0
  m_CorrespondingSourceObject: {fileID: 0}
  m_PrefabInstance: {fileID: 0}
  m_PrefabAsset: {fileID: 0}
  m_GameObject: {fileID: 6559350588551960142}
  m_LocalRotation: {x: -0, y: 0.048315957, z: -0, w: -0.9988321}
  m_LocalPosition: {x: 201.47, y: 0, z: -0.07}
  m_LocalScale: {x: 1, y: 1, z: 1}
  m_Children: []
  m_Father: {fileID: 9103489960843565432}
  m_RootOrder: 1
  m_LocalEulerAnglesHint: {x: 0, y: 354.461, z: 0}
--- !u!65 &204599019298896351
BoxCollider:
  m_ObjectHideFlags: 0
  m_CorrespondingSourceObject: {fileID: 0}
  m_PrefabInstance: {fileID: 0}
  m_PrefabAsset: {fileID: 0}
  m_GameObject: {fileID: 6559350588551960142}
  m_Material: {fileID: 0}
  m_IsTrigger: 1
  m_Enabled: 1
  serializedVersion: 2
  m_Size: {x: 1.3543911, y: 4.0308723, z: 15.265651}
  m_Center: {x: 0.000000006398163, y: 0.039221764, z: -0.31712344}
--- !u!1 &6559350588599890652
GameObject:
  m_ObjectHideFlags: 0
  m_CorrespondingSourceObject: {fileID: 0}
  m_PrefabInstance: {fileID: 0}
  m_PrefabAsset: {fileID: 0}
  serializedVersion: 6
  m_Component:
  - component: {fileID: 168854545368155837}
  - component: {fileID: 204599019386264909}
  m_Layer: 15
  m_Name: Checkpoint (1)
  m_TagString: Untagged
  m_Icon: {fileID: 0}
  m_NavMeshLayer: 0
  m_StaticEditorFlags: 0
  m_IsActive: 1
--- !u!4 &168854545368155837
Transform:
  m_ObjectHideFlags: 0
  m_CorrespondingSourceObject: {fileID: 0}
  m_PrefabInstance: {fileID: 0}
  m_PrefabAsset: {fileID: 0}
  m_GameObject: {fileID: 6559350588599890652}
  m_LocalRotation: {x: 0, y: 0, z: 0, w: 1}
  m_LocalPosition: {x: -201.8, y: 0, z: 0}
  m_LocalScale: {x: 1, y: 1, z: 1}
  m_Children: []
  m_Father: {fileID: 9103489960843565432}
  m_RootOrder: 50
  m_LocalEulerAnglesHint: {x: 0, y: 0, z: 0}
--- !u!65 &204599019386264909
BoxCollider:
  m_ObjectHideFlags: 0
  m_CorrespondingSourceObject: {fileID: 0}
  m_PrefabInstance: {fileID: 0}
  m_PrefabAsset: {fileID: 0}
  m_GameObject: {fileID: 6559350588599890652}
  m_Material: {fileID: 0}
  m_IsTrigger: 1
  m_Enabled: 1
  serializedVersion: 2
  m_Size: {x: 1.3543911, y: 4.0308723, z: 20.25542}
  m_Center: {x: 0, y: 0.039221764, z: -0.3171234}
--- !u!1 &6559350588612424644
GameObject:
  m_ObjectHideFlags: 0
  m_CorrespondingSourceObject: {fileID: 0}
  m_PrefabInstance: {fileID: 0}
  m_PrefabAsset: {fileID: 0}
  serializedVersion: 6
  m_Component:
  - component: {fileID: 168854545355622309}
  - component: {fileID: 204599019356920917}
  m_Layer: 15
  m_Name: Checkpoint (8)
  m_TagString: Untagged
  m_Icon: {fileID: 0}
  m_NavMeshLayer: 0
  m_StaticEditorFlags: 0
  m_IsActive: 1
--- !u!4 &168854545355622309
Transform:
  m_ObjectHideFlags: 0
  m_CorrespondingSourceObject: {fileID: 0}
  m_PrefabInstance: {fileID: 0}
  m_PrefabAsset: {fileID: 0}
  m_GameObject: {fileID: 6559350588612424644}
  m_LocalRotation: {x: -0, y: 0.99972713, z: -0, w: -0.023363432}
  m_LocalPosition: {x: -374.36, y: 0, z: 18.24}
  m_LocalScale: {x: 1, y: 1, z: 1}
  m_Children: []
  m_Father: {fileID: 9103489960843565432}
  m_RootOrder: 45
  m_LocalEulerAnglesHint: {x: 0, y: 182.677, z: 0}
--- !u!65 &204599019356920917
BoxCollider:
  m_ObjectHideFlags: 0
  m_CorrespondingSourceObject: {fileID: 0}
  m_PrefabInstance: {fileID: 0}
  m_PrefabAsset: {fileID: 0}
  m_GameObject: {fileID: 6559350588612424644}
  m_Material: {fileID: 0}
  m_IsTrigger: 1
  m_Enabled: 1
  serializedVersion: 2
  m_Size: {x: 1.3543911, y: 4.0308723, z: 20.25542}
  m_Center: {x: 0, y: 0.039221764, z: -0.3171234}
--- !u!1 &7393087572999743241
GameObject:
  m_ObjectHideFlags: 0
  m_CorrespondingSourceObject: {fileID: 0}
  m_PrefabInstance: {fileID: 0}
  m_PrefabAsset: {fileID: 0}
  serializedVersion: 6
  m_Component:
  - component: {fileID: 4596239190892401512}
  - component: {fileID: 4559924138119432344}
  m_Layer: 15
  m_Name: Checkpoint
  m_TagString: Untagged
  m_Icon: {fileID: 0}
  m_NavMeshLayer: 0
  m_StaticEditorFlags: 0
  m_IsActive: 1
--- !u!4 &4596239190892401512
Transform:
  m_ObjectHideFlags: 0
  m_CorrespondingSourceObject: {fileID: 0}
  m_PrefabInstance: {fileID: 0}
  m_PrefabAsset: {fileID: 0}
  m_GameObject: {fileID: 7393087572999743241}
  m_LocalRotation: {x: 0, y: 0, z: 0, w: 1}
  m_LocalPosition: {x: 0, y: 0, z: 0}
  m_LocalScale: {x: 1, y: 1, z: 1}
  m_Children: []
  m_Father: {fileID: 9103489960843565432}
  m_RootOrder: 0
  m_LocalEulerAnglesHint: {x: 0, y: 0, z: 0}
--- !u!65 &4559924138119432344
BoxCollider:
  m_ObjectHideFlags: 0
  m_CorrespondingSourceObject: {fileID: 0}
  m_PrefabInstance: {fileID: 0}
  m_PrefabAsset: {fileID: 0}
  m_GameObject: {fileID: 7393087572999743241}
  m_Material: {fileID: 0}
  m_IsTrigger: 1
  m_Enabled: 1
  serializedVersion: 2
  m_Size: {x: 0.24015665, y: 4.0308723, z: 16.856796}
  m_Center: {x: 0, y: 0.039221764, z: 2.4981842}
--- !u!1 &9103489960843565435
GameObject:
  m_ObjectHideFlags: 0
  m_CorrespondingSourceObject: {fileID: 0}
  m_PrefabInstance: {fileID: 0}
  m_PrefabAsset: {fileID: 0}
  serializedVersion: 6
  m_Component:
  - component: {fileID: 9103489960843565432}
  m_Layer: 15
  m_Name: ChekpointsNewCircuitFixed
  m_TagString: Untagged
  m_Icon: {fileID: 0}
  m_NavMeshLayer: 0
  m_StaticEditorFlags: 0
  m_IsActive: 1
--- !u!4 &9103489960843565432
Transform:
  m_ObjectHideFlags: 0
  m_CorrespondingSourceObject: {fileID: 0}
  m_PrefabInstance: {fileID: 0}
  m_PrefabAsset: {fileID: 0}
  m_GameObject: {fileID: 9103489960843565435}
  m_LocalRotation: {x: -0, y: -0, z: -0, w: 1}
  m_LocalPosition: {x: -516, y: 422, z: -395}
  m_LocalScale: {x: 1, y: 1, z: 1}
  m_Children:
  - {fileID: 4596239190892401512}
  - {fileID: 168854545416086063}
  - {fileID: 168854544081950340}
  - {fileID: 168854543389073098}
  - {fileID: 168854543628837399}
  - {fileID: 168854544661514927}
  - {fileID: 168854544107329253}
  - {fileID: 168854544726792742}
  - {fileID: 168854544522307035}
  - {fileID: 168854544442589432}
  - {fileID: 168854543424591648}
  - {fileID: 168854543474241922}
  - {fileID: 168854544180107013}
  - {fileID: 168854544128906010}
  - {fileID: 168854544264969172}
  - {fileID: 168854544674900109}
  - {fileID: 168854545055482082}
  - {fileID: 168854543991365614}
  - {fileID: 168854543721514245}
  - {fileID: 168854543644243906}
  - {fileID: 168854544894134029}
  - {fileID: 168854544074961582}
  - {fileID: 168854544108353416}
  - {fileID: 168854543877028509}
  - {fileID: 168854543710104809}
  - {fileID: 168854544065384812}
  - {fileID: 168854544884823158}
  - {fileID: 168854543830835374}
  - {fileID: 168854545112801346}
  - {fileID: 168854544329073040}
  - {fileID: 168854543989100460}
  - {fileID: 168854545019405397}
  - {fileID: 168854543517096759}
  - {fileID: 168854543730268010}
  - {fileID: 168854544902056222}
  - {fileID: 168854543963233341}
  - {fileID: 168854544762613804}
  - {fileID: 168854544131865631}
  - {fileID: 168854544126273394}
  - {fileID: 168854545067695716}
  - {fileID: 168854544422826984}
  - {fileID: 168854544846686128}
  - {fileID: 168854543382715911}
  - {fileID: 168854545020168241}
  - {fileID: 168854545297747205}
  - {fileID: 168854545355622309}
  - {fileID: 168854543910602698}
  - {fileID: 168854544229644054}
  - {fileID: 168854544626722297}
  - {fileID: 168854544410182481}
  - {fileID: 168854545368155837}
  m_Father: {fileID: 0}
  m_RootOrder: 0
  m_LocalEulerAnglesHint: {x: 0, y: 0, z: 0}
